@article{schiller2007infosecurity,
	title={{Infosecurity 2008 threat analysis}},
	author={Schiller, C. and Fogie, S. and DeRodeff, C. and Gregg, M.},
	isbn={1597492248},
	year={2007},
	publisher={Syngress Publishing}
}
@article{aho1975efficient,
	title={{Efficient string matching: an aid to bibliographic search}},
	author={Aho, A.V. and Corasick, M.J.},
	journal={Communications of the ACM},
	volume={18},
	number={6},
	pages={333--340},
	issn={0001-0782},
	year={1975},
	publisher={ACM}
}
@article{liang2009alcatraz,
	title={{Alcatraz: An isolated environment for experimenting with untrusted software}},
	author={Liang, Z. and Sun, W. and Venkatakrishnan, VN and Sekar, R.},
	journal={ACM Transactions on Information and System Security (TISSEC)},
	volume={12},
	number={3},
	pages={1--37},
	issn={1094-9224},
	year={2009},
	publisher={ACM}
}
@conference{renieris1999almost,
	title={{ALMOST: exploring program traces}},
	author={Renieris, M. and Reiss, S.P.},
	booktitle={Proceedings of the 1999 workshop on new paradigms in information visualization and manipulation in conjunction with the eighth ACM internation conference on Information and knowledge management},
	pages={70--77},
	isbn={1581132549},
	year={1999},
	organization={ACM}
}
@conference{ardagna2006supporting,
	title={{Supporting location-based conditions in access control policies}},
	author={Ardagna, C.A. and Cremonini, M. and Damiani, E. and di Vimercati, S.D.C. and Samarati, P.},
	booktitle={Proceedings of the 2006 ACM Symposium on Information, computer and communications security},
	pages={212--222},
	isbn={1595932720},
	year={2006},
	organization={ACM}
}
@misc{arnold2001trouble,
	title={{‘The Trouble With Tripwire: Making a Valuable Security Tool More Efficient}},
	author={Arnold, E.},
	year={2001}
}
@conference{wang2004gatekeeper,
	title={{Gatekeeper: Monitoring auto-start extensibility points (ASEPs) for spyware management}},
	author={Wang, Y.M. and Roussev, R. and Verbowski, C. and Johnson, A. and Wu, M.W. and Huang, Y. and Kuo, S.Y.},
	booktitle={Proc. Usenix LISA},
	year={2004}
}
@article{howard2005measuring,
	title={{Measuring relative attack surfaces}},
	author={Howard, M. and Pincus, J. and Wing, J.},
	journal={Computer Security in the 21st Century},
	pages={109--137},
	year={2005},
	publisher={Springer}
}
@conference{foote1999visualizing,
	title={{Visualizing music and audio using self-similarity}},
	author={Foote, J.},
	booktitle={ACM Multimedia},
	volume={1},
	pages={77--80},
	year={1999},
	organization={Citeseer}
}
@article{post1998use,
	title={{The use and effectiveness of anti-virus software}},
	author={Post, G. and Kagan, A.},
	journal={Computers \& Security},
	volume={17},
	number={7},
	pages={589--599},
	issn={0167-4048},
	year={1998},
	publisher={Elsevier}
}
@techreport{biba1977integrity,
	title={{Integrity considerations for secure computer systems}},
	author={Biba, K.J.},
	year={1977},
	institution={MITRE CORP BEDFORD MA}
}
@article{halim2008lightweight,
	title={{A Lightweight Binary Authentication System for Windows}},
	author={Halim, F. and Ramnath, R. and Wu, Y. and Yap, R.},
	journal={Trust Management II},
	pages={295--310},
	year={2008},
	publisher={Springer}
}
@article{cui2005design,
	title={{Design and implementation of an extrusion-based break-in detector for personal computers}},
	author={Cui, W. and Katz, R.H. and Tan, W.},
	issn={1063-9527},
	year={2005},
	publisher={IEEE Computer Society}
}
@article{kumar2005using,
	title={{Using continuous biometric verification to protect interactive login sessions}},
	author={Kumar, S. and Sim, T. and Janakiraman, R. and Zhang, S.},
	issn={1063-9527},
	year={2005},
	publisher={IEEE Computer Society}
}
@article{kwang2009usability,
	title={{An Usability Study of Continuous Biometrics Authentication}},
	author={Kwang, G. and Yap, R. and Sim, T. and Ramnath, R.},
	journal={Advances in Biometrics},
	pages={828--837},
	year={2009},
	publisher={Springer}
}
@conference{yap2008physical,
	title={{Physical access protection using continuous authentication}},
	author={Yap, R.H.C. and Sim, T. and Kwang, G.X.Y. and Ramnath, R.},
	booktitle={Technologies for Homeland Security, 2008 IEEE Conference on},
	pages={510--512},
	year={2008},
	organization={IEEE}
}
@conference{cowan2000buffer,
	title={{Buffer overflows: Attacks and defenses for the vulnerability of the decade}},
	author={Cowan, C. and Wagle, P. and Pu, C. and Beattie, S. and Walpole, J.},
	booktitle={discex},
	pages={1119},
	year={2000},
	organization={Published by the IEEE Computer Society}
}
@conference{bodik2005combining,
	title={{Combining visualization and statistical analysis to improve operator confidence and efficiency for failure detection and localization}},
	author={Bodik, P. and Friedman, G. and Biewald, L. and Levine, H. and Candea, G. and Patel, K. and Tolle, G. and Hui, J. and Fox, A. and Jordan, M.I. and others},
	booktitle={Autonomic Computing, 2005. ICAC 2005. Proceedings. Second International Conference on},
	pages={89--100},
	year={2005},
	organization={IEEE}
}
@conference{gu2007bothunter,
	title={{Bothunter: Detecting malware infection through ids-driven dialog correlation}},
	author={Gu, G. and Porras, P. and Yegneswaran, V. and Fong, M. and Lee, W.},
	booktitle={Proceedings of 16th USENIX Security Symposium on USENIX Security Symposium},
	pages={12},
	year={2007},
	organization={USENIX Association}
}
@conference{john2009studying,
	title={{Studying spamming botnets using Botlab}},
	author={John, J.P. and Moshchuk, A. and Gribble, S.D. and Krishnamurthy, A.},
	booktitle={Proceedings of the 6th USENIX symposium on Networked systems design and implementation},
	pages={291--306},
	year={2009},
	organization={USENIX Association}
}
@article{von2003captcha,
	title={{CAPTCHA: Using hard AI problems for security}},
	author={Von Ahn, L. and Blum, M. and Hopper, N. and Langford, J.},
	journal={Advances in Cryptology—EUROCRYPT 2003},
	pages={646--646},
	year={2003},
	publisher={Springer}
}
@article{chandola2009anomaly,
	title={{Anomaly detection: A survey}},
	author={Chandola, V. and Banerjee, A. and Kumar, V.},
	journal={ACM Computing Surveys (CSUR)},
	volume={41},
	number={3},
	pages={1--58},
	issn={0360-0300},
	year={2009},
	publisher={ACM}
}
@book{basseville1993detection,
	title={{Detection of abrupt changes: theory and application}},
	author={Basseville, M. and Nikiforov, I.V.},
	isbn={0131267809},
	year={1993},
	publisher={Citeseer}
}
@article{von1995program,
	title={{Program comprehension during software maintenance and evolution}},
	author={Von Mayrhauser, A. and Vans, A.M.},
	journal={Computer},
	volume={28},
	number={8},
	pages={44--55},
	issn={0018-9162},
	year={1995},
	publisher={IEEE}
}
@article{cornelissen2007understanding,
	title={{Understanding execution traces using massive sequence and circular bundle views}},
	author={Cornelissen, B. and Holten, D. and Zaidman, A. and Moonen, L. and Van Wijk, J.J. and Van Deursen, A.},
	issn={1063-6897},
	year={2007},
	publisher={IEEE Computer Society}
}
@conference{wilhelm2005dependency,
	title={{Dependency Viewer-A Tool for Visualizing Package Design Quality Metrics}},
	author={Wilhelm, M. and Diehl, S.},
	booktitle={3rd IEEE International Workshop on Visualizing Software for Understanding and Analysis},
	pages={34},
	year={2005},
	organization={IEEE}
}
@conference{apvrille2004digsig,
	title={{Digsig: Run-time authentication of binaries at kernel level}},
	author={Apvrille, A. and Gordon, D. and Hallyn, S. and Pourzandi, M. and Roy, V.},
	booktitle={Proceedings of LISA},
	year={2004}
}
@article{sun2008expanding,
	title={{Expanding malware defense by securing software installations}},
	author={Sun, W. and Sekar, R. and Liang, Z. and Venkatakrishnan, V.},
	journal={Detection of Intrusions and Malware, and Vulnerability Assessment},
	pages={164--185},
	year={2008},
	publisher={Springer}
}
@article{maizel1981enhanced,
	title={{Enhanced graphic matrix analysis of nucleic acid and protein sequences}},
	author={Maizel, J.V. and Lenk, R.P.},
	journal={Proceedings of the National Academy of Sciences of the United States of America},
	volume={78},
	number={12},
	pages={7665},
	year={1981},
	publisher={National Acad Sciences}
}
@article{kaminsky2006black,
	title={{Black Ops 2006}},
	author={Kaminsky, D.},
	journal={Blackhat USA},
	year={2006}
}
@conference{bhattacharya2003dynamic,
	title={{Dynamic probes-debugging by stealth}},
	author={Bhattacharya, S.},
	booktitle={Proceedings of Linux. Conf. Au},
	year={2003}
}
@conference{badger1995practical,
	title={{Practical domain and type enforcement for UNIX}},
	author={Badger, L. and Sterne, D.F. and Sherman, D.L. and Walker, K.M. and Haghighat, S.A.},
	booktitle={Security and Privacy, 1995. Proceedings., 1995 IEEE Symposium on},
	pages={66--77},
	isbn={0818670150},
	year={1995},
	organization={IEEE}
}
@conference{cantrill2004dynamic,
	title={{Dynamic instrumentation of production systems}},
	author={Cantrill, B.M. and Shapiro, M.W. and Leventhal, A.H.},
	booktitle={Proceedings of the annual conference on USENIX Annual Technical Conference},
	pages={2--2},
	year={2004},
	organization={USENIX Association}
}
@article{eick1996displaying,
	title={{Displaying trace files}},
	author={Eick, S.G. and Lucas, P.J.},
	journal={Software Practice and Experience},
	volume={26},
	number={4},
	pages={399--409},
	issn={0038-0644},
	year={1996},
	publisher={Citeseer}
}
@article{eick1994graphical,
	title={{Graphical analysis of computer log files}},
	author={Eick, S.G. and Nelson, M.C. and Schmidt, J.D.},
	journal={Communications of the ACM},
	volume={37},
	number={12},
	pages={50--56},
	issn={0001-0782},
	year={1994},
	publisher={Citeseer}
}
@conference{malmgren2009characterizing,
	title={{Characterizing individual communication patterns}},
	author={Malmgren, R.D. and Hofman, J.M. and Amaral, L.A.N. and Watts, D.J.},
	booktitle={Proceedings of the 15th ACM SIGKDD international conference on Knowledge discovery and data mining},
	pages={607--616},
	year={2009},
	organization={ACM}
}
@conference{schmid2001preventing,
	title={{Preventing the execution of unauthorized Win32 applications}},
	author={Schmid, M. and Hill, F. and Ghosh, AK and Bloch, JT},
	booktitle={discex},
	pages={1175},
	year={2001},
	organization={Published by the IEEE Computer Society}
}
@conference{liao2008enavis,
	title={{ENAVis: enterprise network activities visualization}},
	author={Liao, Q. and Blaich, A. and Striegel, A. and Thain, D.},
	booktitle={Proceedings of the 22nd conference on Large installation system administration conference},
	pages={59--74},
	year={2008},
	organization={USENIX Association}
}
@conference{wang2003evolve,
	title={{EVolve: an open extensible software visualization framework}},
	author={Wang, Q. and Wang, W. and Brown, R. and Driesen, K. and Dufour, B. and Hendren, L. and Verbrugge, C.},
	booktitle={Proceedings of the 2003 ACM symposium on Software visualization},
	pages={37--ff},
	isbn={1581136420},
	year={2003},
	organization={ACM}
}
@conference{verbowski6flight,
	title={{Flight Data Recorder: Always-on tracing and scalable analysis of persistent state interactions to improve systems and security management}},
	author={Verbowski, C. and Kiciman, E. and Daniels, B. and Kumar, A. and Wang, Y.M. and Roussev, R. and Lu, S. and Lee, J.},
	booktitle={Proc. of OSDI},
	volume={6}
}
@article{ingham2002history,
	title={{A history and survey of network firewalls}},
	author={Ingham, K. and Forrest, S.},
	journal={University of New Mexico, Tech. Rep},
	year={2002},
	publisher={Citeseer}
}
@inproceedings{nanda2006fcd,
	author    = {Susanta Nanda and Wei Li 0020 and Lap-Chung Lam and Tzi-cker Chiueh},
	title     = {Foreign Code Detection on the Windows/X86 Platform},
	booktitle = {ACSAC},
	year      = {2006},
	pages     = {279-288},
}
@conference{provos2007ghost,
	title={{The ghost in the browser analysis of web-based malware}},
	author={Provos, N. and McNamee, D. and Mavrommatis, P. and Wang, K. and Modadugu, N.},
	booktitle={Proceedings of the first conference on First Workshop on Hot Topics in Understanding Botnets},
	pages={4--4},
	year={2007},
	organization={USENIX Association}
}
@conference{ellson2002graphviz,
	title={{Graphviz—open source graph drawing tools}},
	author={Ellson, J. and Gansner, E. and Koutsofios, L. and North, S. and Woodhull, G.},
	booktitle={Graph Drawing},
	pages={594--597},
	year={2002},
	organization={Springer}
}
@book{guzdial1993deriving,
	title={{Deriving software usage patterns from log files}},
	author={Guzdial, M. and Georgia Institute of Technology. Graphics, Visualization and Usability Center},
	year={1993},
	publisher={Citeseer}
}
@article{heath1991visualizing,
	title={{Visualizing the performance of parallel programs}},
	author={Heath, M.T. and Etheridge, J.A.},
	journal={Software, IEEE},
	volume={8},
	number={5},
	pages={29--39},
	issn={0740-7459},
	year={1991},
	publisher={IEEE}
}
@conference{salah2004hierarchy,
	title={{A hierarchy of dynamic software views: from object-interactions to feature-interactions}},
	author={Salah, M. and Mancoridis, S.},
	booktitle={Software Maintenance, 2004. Proceedings. 20th IEEE International Conference on},
	pages={72--81},
	isbn={0769522130},
	issn={1063-6773},
	year={2004},
	organization={IEEE}
}
@conference{sailer2004design,
	title={{Design and implementation of a TCG-based integrity measurement architecture}},
	author={Sailer, R. and Zhang, X. and Jaeger, T. and Van Doorn, L.},
	booktitle={Proceedings of the 13th conference on USENIX Security Symposium-Volume 13},
	pages={16--16},
	year={2004},
	organization={USENIX Association}
}
@conference{kim1994design,
	title={{The design and implementation of tripwire: A file system integrity checker}},
	author={Kim, G.H. and Spafford, E.H.},
	booktitle={Proceedings of the 2nd ACM Conference on Computer and Communications Security},
	pages={18--29},
	isbn={0897917324},
	year={1994},
	organization={ACM}
}
@conference{barham2004using,
	title={{Using Magpie for request extraction and workload modelling}},
	author={Barham, P. and Donnelly, A. and Isaacs, R. and Mortier, R.},
	booktitle={Proceedings of the 6th conference on Symposium on Opearting Systems Design \& Implementation-Volume 6},
	pages={18--18},
	year={2004},
	organization={USENIX Association}
}
@conference{latoza2006maintaining,
	title={{Maintaining mental models: a study of developer work habits}},
	author={LaToza, T.D. and Venolia, G. and DeLine, R.},
	booktitle={Proceedings of the 28th international conference on Software engineering},
	pages={492--501},
	isbn={1595933751},
	year={2006},
	organization={ACM}
}
@misc{alkio2008mbr,
	title={{MBR Rootkit, A New Breed of Malware}},
	author={Alkio, K.},
	year={2008}
}
@conference{nagappan2007using,
	title={{Using software dependencies and churn metrics to predict field failures: An empirical case study}},
	author={Nagappan, N. and Ball, T.},
	booktitle={Empirical Software Engineering and Measurement, 2007. ESEM 2007. First International Symposium on},
	pages={364--373},
	issn={1938-6451},
	year={2007},
	organization={IEEE}
}
@conference{zimmermann2008predicting,
	title={{Predicting defects using network analysis on dependency graphs}},
	author={Zimmermann, T. and Nagappan, N.},
	booktitle={Proceedings of the 30th international conference on Software engineering},
	pages={531--540},
	year={2008},
	organization={ACM}
}
@misc{zeichick2007security,
	title={{Security Ahoy! Flying the Nx Flag on Windows and Amd64 to Stop Attacks}},
	author={Zeichick, A.},
	year={2007},
	publisher={AMD Developer Central}
}
@article{page1954continuous,
	title={{Continuous inspection schemes}},
	author={Page, ES},
	journal={Biometrika},
	volume={41},
	number={1/2},
	pages={100--115},
	issn={0006-3444},
	year={1954},
	publisher={JSTOR}
}
@conference{luk2005pin,
	title={{Pin: building customized program analysis tools with dynamic instrumentation}},
	author={Luk, C.K. and Cohn, R. and Muth, R. and Patil, H. and Klauser, A. and Lowney, G. and Wallace, S. and Reddi, V.J. and Hazelwood, K.},
	booktitle={ACM SIGPLAN Notices},
	volume={40},
	number={6},
	pages={190--200},
	isbn={1595930566},
	issn={0362-1340},
	year={2005},
	organization={ACM}
}
@conference{wilde1989dependency,
	title={{Dependency analysis tools: reusable components for software maintenance}},
	author={Wilde, N. and Huitt, R. and Huitt, S.},
	booktitle={Software Maintenance, 1989., Proceedings., Conference on},
	pages={126--131},
	isbn={0818619651},
	year={1989},
	organization={IEEE}
}
@article{thompson1984reflections,
	title={{Reflections on trusting trust}},
	author={Thompson, K.},
	journal={Communications of the ACM},
	volume={27},
	number={8},
	pages={761--763},
	issn={0001-0782},
	year={1984},
	publisher={ACM}
}
@book{hoglund2006rootkits,
	title={{Rootkits: subverting the Windows kernel}},
	author={Hoglund, G. and Butler, J.},
	isbn={0321294319},
	year={2006},
	publisher={Addison-Wesley Professional}
}
@misc{cogswell2005rootkitrevealer,
	title={{RootkitRevealer}},
	author={Cogswell, B. and Russinovich, M.},
	journal={2005-08-15). http://www. sysinternals. corn/Files/RootkitRevealer, zip}
}
@article{ekbom2005comparative,
	title={{Comparative Study of Run-Time Defense Against Buffer Overflows}},
	author={Ekbom, A. and Ottosson, S. and others},
	year={2005},
	publisher={Citeseer}
}
@conference{kiriansky2002secure,
	title={{Secure execution via program shepherding}},
	author={Kiriansky, V. and Bruening, D. and Amarasinghe, S.},
	booktitle={Proceedings of the 11th USENIX security symposium},
	pages={191--206},
	year={2002}
}
@article{xu2006satem,
	title={{Satem: Trusted service code execution across transactions}},
	author={Xu, G. and Borcea, C. and Iftode, L.},
	issn={1060-9857},
	year={2006},
	publisher={IEEE Computer Society}
}
@article{salah2006scenario,
	title={{Scenario-driven dynamic analysis for comprehending large software systems}},
	author={Salah, M. and Mancoridis, S. and Antoniol, G. and Di Penta, M.},
	issn={1052-8725},
	year={2006},
	publisher={IEEE Computer Society}
}
@conference{wurster2007self,
	title={{Self-signed executables: Restricting replacement of program binaries by malware}},
	author={Wurster, G. and van Oorschot, PC},
	booktitle={Proceedings of the 2nd USENIX workshop on Hot topics in security},
	pages={8},
	year={2007},
	organization={USENIX Association}
}
@conference{shende2profiling,
	title={{Profiling and tracing in linux}},
	author={Shende, S.},
	booktitle={Proceedings of the Extreme Linux Workshop},
	volume={2},
	organization={Citeseer}
}
@misc{doorn01signedexecutables,
	author = {Leendert van Doorn and Van Doorn and Gerco Ballintijn and William A. Arbaugh},
	title = {Signed Executables for Linux},
	year = {2001}
}
@conference{siraj2004intrusion,
	title={{Intrusion sensor data fusion in an intelligent intrusion detection system architecture}},
	author={Siraj, A. and Vaughn, R.B. and Bridges, S.M.},
	booktitle={System Sciences, 2004. Proceedings of the 37th Annual Hawaii International Conference on},
	pages={10--pp},
	isbn={0769520561},
	year={2004},
	organization={IEEE}
}
@conference{slaviero2005attacking,
	title={{Attacking Signed Binaries}},
	author={Slaviero, M. and Kroon, J. and Olivier, M.S.},
	booktitle={Proc. of the 5th Annual Information Security South Africa Conference (ISSA)},
	year={2005},
	organization={Citeseer}
}
@article{desclaux2006vanilla,
	title={{Vanilla Skype part 2}},
	author={Desclaux, F. and Kortchinsky, K.},
	journal={RECON2006, Jun},
	year={2006}
}
@article{kato2003softwarepot,
	title={{Softwarepot: An encapsulated transferable file system for secure software circulation}},
	author={Kato, K. and Oyama, Y.},
	journal={Software Security—Theories and Systems},
	pages={217--224},
	year={2003},
	publisher={Springer}
}
@conference{cowan1998stackguard,
	title={{StackGuard: Automatic adaptive detection and prevention of buffer-overflow attacks}},
	author={Cowan, C. and Pu, C. and Maier, D. and Hintony, H. and Walpole, J. and Bakke, P. and Beattie, S. and Grier, A. and Wagle, P. and Zhang, Q.},
	booktitle={Proceedings of the 7th conference on USENIX Security Symposium-Volume 7},
	pages={5--5},
	year={1998},
	organization={Usenix Association}
}
@conference{provos2003improving,
	title={{Improving host security with system call policies}},
	author={Provos, N.},
	booktitle={Proceedings of the 12th conference on USENIX Security Symposium-Volume 12},
	pages={18--18},
	year={2003},
	organization={USENIX Association}
}
@article{srivastava2005efficient,
	title={{Efficient integration testing using dependency analysis}},
	author={Srivastava, A. and Thiagarajan, J. and Schertz, C.},
	journal={Microsoft Research, TechReport MSR-TR-2005-94},
	year={2005}
}
@article{thomas2009improvement,
	title={{Improvement in intrusion detection with advances in sensor fusion}},
	author={Thomas, C. and Balakrishnan, N.},
	journal={Information Forensics and Security, IEEE Transactions on},
	volume={4},
	number={3},
	pages={542--551},
	issn={1556-6013},
	year={2009},
	publisher={IEEE}
}
@conference{borisov2005fixing,
	title={{Fixing races for fun and profit: how to abuse atime}},
	author={Borisov, N. and Johnson, R. and Sastry, N. and Wagner, D.},
	booktitle={14th USENIX Security Symp},
	pages={303--314},
	year={2005}
}
@conference{wei2005tocttou,
	title={{TOCTTOU vulnerabilities in UNIX-style file systems: an anatomical study}},
	author={Wei, J. and Pu, C.},
	booktitle={Proceedings of the 4th conference on USENIX Conference on File and Storage Technologies-Volume 4},
	pages={12--12},
	year={2005},
	organization={USENIX Association}
}
@article{roberts2005tracevis,
	title={{TraceVis: an execution trace visualization tool}},
	author={Roberts, J. and Zilles, C.},
	journal={Proc. MoBS 2005},
	publisher={Citeseer}
}
@article{yen2008traffic,
	title={{Traffic aggregation for malware detection}},
	author={Yen, T.F. and Reiter, M.},
	journal={Detection of Intrusions and Malware, and Vulnerability Assessment},
	pages={207--227},
	year={2008},
	publisher={Springer}
}
@conference{lefebvre2009tralfamadore,
	title={{Tralfamadore: unifying source code and execution experience}},
	author={Lefebvre, G. and Cully, B. and Feeley, M.J. and Hutchinson, N.C. and Warfield, A.},
	booktitle={Proceedings of the 4th ACM European conference on Computer systems},
	pages={199--204},
	year={2009},
	organization={ACM}
}
@conference{bacon2007tuningfork,
	title={{TuningFork: a platform for visualization and analysis of complex real-time systems}},
	author={Bacon, D.F. and Cheng, P. and Grove, D.},
	booktitle={Companion to the 22nd ACM SIGPLAN conference on Object-oriented programming systems and applications companion},
	pages={854--855},
	year={2007},
	organization={ACM}
}
@article{furnell2009recognising,
	title={{Recognising and addressing `security fatigue'}},
	author={Furnell, S. and Thomson, K.L.},
	journal={Computer Fraud \& Security},
	volume={2009},
	number={11},
	pages={7--11},
	issn={1361-3723},
	year={2009},
	publisher={Elsevier}
}
@conference{garfinkel2007compatibility,
	title={{Compatibility is not transparency: VMM detection myths and realities}},
	author={Garfinkel, T. and Adams, K. and Warfield, A. and Franklin, J.},
	booktitle={Proceedings of the 11th USENIX workshop on Hot topics in operating systems},
	pages={6},
	year={2007},
	organization={USENIX Association}
}
@article{voigt2009object,
	title={{Object aware execution trace exploration}},
	author={Voigt, S. and Bohnet, J. and Dollner, J.},
	year={2009},
	publisher={IEEE}
}
@conference{wang2002detecting,
	title={{Detecting SYN flooding attacks}},
	author={Wang, H. and Zhang, D. and Shin, K.G.},
	booktitle={In Proceedings of the IEEE Infocom},
	year={2002},
	organization={Citeseer}
}
@article{wilander2002comparison,
	title={{A comparison of publicly available tools for static intrusion prevention}},
	author={Wilander, J. and Kamkar, M.},
	year={2002},
	publisher={Citeseer}
}
@conference{wilander2003comparison,
	title={{A comparison of publicly available tools for dynamic buffer overflow prevention}},
	author={Wilander, J. and Kamkar, M.},
	booktitle={Proceedings of the 10th Network and Distributed System Security Symposium},
	pages={149--162},
	year={2003},
	organization={Citeseer}
}
@article{williams2002anti,
	title={{Anti-Trojan and Trojan Detection with In-Kernel Digital Signature testing of Executables.}},
	author={Williams, M.A.},
	journal={NetXSecure NZ Ltd.. http://www. netxsecure. net/downloads/sigexec. pdf},
	year={2002}
}
@article{marsh1994win32,
	title={{Win32 hooks}},
	author={Marsh, K.},
	journal={Microsoft Developer Network, http://msdn2. microsoft. com/en-us/library/ms997537. aspx},
	year={1994}
}
@article{stolfo2005comparative,
	title={{A comparative evaluation of two algorithms for Windows Registry Anomaly Detection}},
	author={Stolfo, S.J. and Apap, F. and Eskin, E. and Heller, K. and Hershkop, S. and Honig, A. and Svore, K.},
	journal={Journal of Computer Security},
	volume={13},
	number={4},
	pages={659--693},
	issn={0926-227X},
	year={2005},
	publisher={IOS Press}
}
@conference{wu2010comprehending,
	title={{Comprehending module dependencies and sharing}},
	author={Wu, Y. and Yap, R.H.C. and Ramnath, R.},
	booktitle={Proceedings of the 32nd ACM/IEEE International Conference on Software Engineering-Volume 2},
	pages={89--98},
	year={2010},
	organization={ACM}
}
@article{zaki1999toward,
	title={{Toward scalable performance visualization with Jumpshot}},
	author={Zaki, O. and Lusk, E. and Gropp, W. and Swider, D.},
	journal={International Journal of High Performance Computing Applications},
	volume={13},
	number={3},
	pages={277},
	issn={1094-3420},
	year={1999},
	publisher={SAGE Publications}
}
@book{zhao1995visualizing,
	title={{Visualizing the execution of threads-based parallel programs}},
	author={Zhao, Q.A. and Stasko, J.T. and Georgia Institute of Technology. Graphics, Visualization and Usability Center},
	year={1995},
	publisher={Citeseer}
}
@incollection{wu2009esi,
	author={Yongzheng Wu and Sufatrio and Roland H.C. Yap and Rajiv Ramnath and Felix Halim},
	chapter={3},
	title={Establishing Software Integrity Trust: A Survey and Lightweight Authentication System for Windows},
	editor={Zheng Yan},
	booktitle={Trust Modeling and Management in Digital Environments: from Social Concept to System Development},
	publisher={IGI Global},
	year={2009}
}
@article{ramnath2006winresmon,
	title={{WinResMon: A Tool for Discovering Software Dependencies, Configuration and Requirements in Microsoft Windows}},
	author={Ramnath, R. and Yap, R.H.C. and Yongzheng, W.},
	journal={Proceedings of the 20th conference on Large Installation System Administration Conference-Volume 20 table of contents},
	pages={14--14},
	year={2006},
	publisher={USENIX Association Berkeley, CA, USA}
}
@inproceedings{garfinkel2003traps,
	title={Traps and pitfalls: Practical problems in system call interposition based security tools},
	author={Garfinkel, T.},
	booktitle={Proceedings of the Network and Distributed Systems Security Symposium},
	year={2003},
	organization={Citeseer}
}
@inproceedings{faulkner1991process,
	title={The process file system and process model in UNIX System V},
	author={Faulkner, R. and Gomes, R.},
	booktitle={Proc. 1991 USENIX Winter Conference},
	year={1991}
}
@misc{signtool,
	author={Microsoft},
	howpublished={\url{http://msdn.microsoft.com/en-us/library/aa387764.aspx}},
	title={SignTool}
}
@misc{sigcheck,
	author={Microsoft},
	howpublished={\url{http://technet.microsoft.com/en-us/sysinternals/bb897441}},
	title={Sigcheck Download Page}
}
@article{krawczyk1997rfc2104,
	title={RFC2104: HMAC: Keyed-hashing for message authentication},
	author={Krawczyk, H. and Bellare, M. and Canetti, R.},
	journal={Internet RFCs},
	year={1997}
}
@misc{CERT-vul,
	author={CERT},
	howpublished={\url{http://www.cert.org/stats/vulnerability_remediation.html}},
	title={Vulnerability Remediation Statistics},
	year={2007}
}
@misc{authenticode,
	author={Microsoft},
	howpublished={\url{http://technet.microsoft.com/en-us/library/cc750035.aspx}},
	title={Authenticode}
}
@inproceedings{sufatrio2004amo,
	title={Yap, and L. Zhong,“A machine-oriented integrated vulnerability database for automated vulnerability detection and processing,”},
	author={Sufatrio, R.H.C.},
	booktitle={Proceedings of the 18th USENIX Large Installation Systems Administration Conference (LISA 2004)},
	pages={47--58},
	year={2004}
}
@techreport{eastlake2006rfc4634,
	title={US Secure Hash Algorithms (SHA and HMAC-SHA)},
	author={Eastlake, D. and Hansen, T.},
	year={2006},
	institution={RFC 4634, July}
}
@article{wang2005break,
	title={How to break MD5 and other hash functions},
	author={Wang, X. and Yu, H.},
	journal={Advances in Cryptology--EUROCRYPT 2005},
	pages={19--35},
	year={2005},
	publisher={Springer}
}
@misc{matrosov2010stuxnet,
	author={Matrosov, A. and Rodionov, E. and Harley, D. and Malcho, J.},
	howpublished={\url{http://www.eset.com/resources/white-papers/Stuxnet_Under_the_Microscope.pdf}},
	title={Stuxnet Under the Microscope},
	year={2010}
}
@misc{pdfattack,
	author={Stevens, D.},
	howpublished={\url{http://blog.didierstevens.com/2010/03/29/escape-from-pdf}},
	title={Escape From PDF},
	year={2010}
}
@misc{safari-carpet-bomb,
	howpublished={\url{http://www.oreillynet.com/onlamp/blog/2008/05/safari_carpet_bomb.html}},
	title={Safari Carpet bomb},
	year={2008}
}
@misc{binary-planting,
	author={Microsoft},
	howpublished={\url{http://www.microsoft.com/technet/security/advisory/2269637.mspx}},
	title={Binary Planting Attacks},
	year={2010}
}
@misc{winhelp-attack,
	title={CVE-2010-0483},
	howpublished={\url{http://www.cve.mitre.org/cgi-bin/cvename.cgi?name=CVE-2010-0483}},
	year={2010}
}
@article{anderson2000end,
	title={The end of dll hell},
	author={Anderson, R.},
	journal={MSDN Magazine},
	year={2000}
}
@phdthesis{wagner1999janus,
	title={Janus: an approach for confinement of untrusted applications},
	author={Wagner, D.A.},
	year={1999},
	school={Department of Electrical Engineering and Computer Sciences, University of California}
}
@misc{bootvis,
	title={Bootvis},
	howpublished={\url{http://www.microsoft.com/whdc/system/sysperf/fastboot/default.mspx}}
}
@misc{webcam-spying,
	title={FBI investigates allegations webcam used to monitor student},
	howpublished={\url{http://articles.cnn.com/2010-02-20/justice/laptop.suit_1_webcam-district-court-laptop}}
}
@misc{EasySen,
	title={EasySen SBT80 Product Page},
	howpublished={\url{http://www.easysen.com/SBT80.htm}}
}
@misc{Survival1,
	title={The Myth of The Four-minute Windows Survival Time},
	howpublished={\url{http://www.edbott.com/weblog/?p=2071}}
}
@misc{Survival2,
	title={Unpatched PC 'Survival Time' Just 16 Minutes},
	howpublished={\url{http://www.informationweek.com/news/showArticle.jhtml?articleID=29106061}}
}
@misc{Mebroot,
	title={MBR Rootkit, A New Breed of Malware},
	howpublished={\url{http://www.f-secure.com/weblog/archives/00001393.html}}
}
@inproceedings{ewing1996rpm,
	title={The rpm packaging system},
	author={Ewing, M. and Troan, E.},
	booktitle={Proceedings of the First Conference on Freely Redistributable Software, Cambridge, MA, USA},
	year={1996}
}
@book{nebbett2000windows,
	title={Windows NT/2000 native API reference},
	author={Nebbett, G.},
	year={2000},
	publisher={Sams}
}
@misc{ddj-nthooking,
	title={Windows NT System-Call Hooking},
	howpublished={\url{http://www.ddj.com/184410109}}
}
@misc{msdn-proccallback,
	title={Process and Thread Manager Routines},
	howpublished={\url{http://msdn.microsoft.com/en-us/library/ff559917.aspx}}
}
@misc{filemon,
	title={FileMon for Windows},
	howpublished={\url{http://technet.microsoft.com/en-us/sysinternals/bb896642}}
}
@misc{regmon,
	title={RegMon for Windows},
	howpublished={\url{http://technet.microsoft.com/en-us/sysinternals/bb896652}}
}
@article{wu2005user,
  title={A user-level framework for auditing and monitoring},
  author={Wu, Y. and Yap, R.H.C.},
  year={2005},
  publisher={IEEE Computer Society}
}
@inproceedings{prasad2005systemtap,
	title={Locating system problems using dynamic instrumentation},
	author={Prasad, V. and Cohen, W. and Eigler, F.C. and Hunt, M. and Keniston, J. and Chen, B.},
	booktitle={Linux Symposium},
	volume={2},
	pages={57--72},
	year={2005},
	organization={Citeseer}
}
@article{chang2010enhancing,
	title={Enhancing Host Security Using External Environment Sensors},
	author={Chang, E.C. and Lu, L. and Wu, Y. and Yap, R.H.C. and Yu, J.},
	journal={Security and Privacy in Communication Networks},
	pages={362--379},
	year={2010},
	publisher={Springer}
}
